@book{Szeliski2010,
    author = {Szeliski, Richard},
    citeulike-article-id = {8065760},
    citeulike-linkout-0 = {http://www.amazon.ca/exec/obidos/redirect?tag=citeulike09-20\&amp;path=ASIN/1848829345},
    citeulike-linkout-1 = {http://www.amazon.de/exec/obidos/redirect?tag=citeulike01-21\&amp;path=ASIN/1848829345},
    citeulike-linkout-2 = {http://www.amazon.fr/exec/obidos/redirect?tag=citeulike06-21\&amp;path=ASIN/1848829345},
    citeulike-linkout-3 = {http://www.amazon.jp/exec/obidos/ASIN/1848829345},
    citeulike-linkout-4 = {http://www.amazon.co.uk/exec/obidos/ASIN/1848829345/citeulike00-21},
    citeulike-linkout-5 = {http://www.amazon.com/exec/obidos/redirect?tag=citeulike07-20\&path=ASIN/1848829345},
    citeulike-linkout-6 = {http://www.worldcat.org/isbn/1848829345},
    citeulike-linkout-7 = {http://books.google.com/books?vid=ISBN1848829345},
    citeulike-linkout-8 = {http://www.amazon.com/gp/search?keywords=1848829345\&index=books\&linkCode=qs},
    citeulike-linkout-9 = {http://www.librarything.com/isbn/1848829345},
    day = {24},
    edition = {1st Edition.},
    howpublished = {Hardcover},
    isbn = {1848829345},
    keywords = {computer\_vision, computer\_vision\_algorithms, set-mp3-2011-09},
    month = nov,
    posted-at = {2011-02-21 12:16:35},
    priority = {5},
    publisher = {Springer},
    title = {{Computer Vision: Algorithms and Applications (Texts in Computer Science)}},
    url = {http://www.amazon.com/exec/obidos/redirect?tag=citeulike07-20\&path=ASIN/1848829345},
    year = {2010}
}

@book{Paulsen2012,
	title = "Introduction to Medical Image Analysis",
	author = "Paulsen, {Rasmus Reinhold} and Moeslund, {Thomas B.}",
	year = "2012",
	edition = "2",
	isbn = "978-87-643-0949-2",
}